2752 4814
533 249 609 305 AUR.
625 247 804 305 ruunnuru
821 247 925 310 CLEM.

507 437 649 503 Veniunt
663 450 736 500 mox
751 442 888 514 praemia
905 440 991 502 caelo

463 536 661 612 pretiumque
676 534 857 610 rependitur
872 536 997 612 iugens,

466 645 538 692 nam
554 631 672 692 lumina
687 628 793 689 nescia
810 629 887 690 solis

463 723 551 788 Deus
566 727 658 788 inlita
674 725 746 786 selle
763 729 899 787 serenat.

509 817 574 881 lani
591 823 668 880 tunc
684 818 789 878 nocuit
803 815 899 879 Pater
914 819 1010 893 orbis,

465 930 557 991 uuam
575 914 617 976 sit
632 914 763 975 rationis
780 913 890 988 egenis

464 1011 594 1071 mordax
610 1012 642 1069 et
656 1022 762 1068 amara
778 1007 909 1083 medela,

465 1117 537 1164 cum
553 1103 610 1163 lux
625 1101 764 1162 animum
780 1115 860 1162 nova
876 1106 982 1163 vexat.

508 1193 624 1258 Docuit
639 1209 763 1271 quoque
778 1210 840 1256 non
857 1196 945 1271 prius
961 1196 1059 1258 ullunn

464 1292 611 1353 caelestia
627 1305 756 1353 eernere
770 1305 879 1367 regna,

465 1401 556 1461 quam
575 1390 667 1448 nocte
682 1390 714 1447 et
728 1385 859 1450 vulnere
876 1387 960 1448 tristi

465 1483 647 1545 toleraverit
662 1497 772 1559 aspera
786 1482 903 1543 munti.

508 1571 597 1636 Mors
613 1575 680 1650 ipsa
696 1575 817 1634 heatior
832 1573 903 1634 inte
919 1579 979 1651 est,

464 1670 548 1744 quon
563 1685 619 1745 per
633 1669 824 1731 cruciamina
839 1669 894 1730 leti

464 1765 516 1825 via
532 1767 677 1841 panditur
691 1766 790 1827 artua
805 1766 899 1826 iustis

466 1862 551 1922 etat
567 1865 653 1922 astra
669 1862 827 1948 doloribus
843 1864 920 1924 itur.

511 1950 564 2017 Sic
580 1968 710 2030 corpora
726 1956 914 2016 mortillcata

466 2047 599 2109 redeunt
614 2049 794 2111 melioribus
810 2050 914 2125 annis,

464 2159 521 2204 neo
537 2149 608 2220 nost
622 2145 740 2206 obitum
757 2144 953 2206 recalescens

468 2253 608 2314 conpago
624 2240 771 2301 fatiscere
786 2241 885 2302 novit.
969 2271 971 2278 ,

508 2330 605 2409 Haec,
624 2347 704 2408 quae
720 2334 809 2394 ruodo
825 2333 939 2410 pallida
955 2333 1028 2394 tabo

466 2428 552 2488 color
566 2428 688 2489 albitus
703 2429 803 2489 inlicit
818 2443 886 2506 ora,

463 2530 538 2586 tunc
554 2525 629 2586 ilore
643 2526 808 2587 venustior
822 2525 905 2585 omni

466 2620 597 2696 sanguis
613 2623 685 2680 cute
699 2620 802 2694 tinget
817 2631 958 2678 amoena.

507 2712 570 2775 lam
588 2713 675 2775 nulla
690 2713 800 2776 deiude
816 2715 961 2773 senectus

464 2806 577 2867 frontis
594 2806 688 2889 decus
705 2807 811 2867 invilla
826 2808 944 2880 cernet,

464 2901 581 2960 macies
598 2913 698 2973 neque
715 2899 799 2960 sicca
814 2897 950 2959 lacertos

465 3006 541 3053 suco
557 2993 697 3054 tenuabit
712 2993 819 3053 adeso.

503 3083 635 3148 Morbus
651 3102 773 3163 quoquc
789 3086 930 3162 pestifer,
949 3089 1037 3147 artus

463 3183 517 3256 qui
533 3197 616 3243 nunc
631 3183 798 3258 populatur
813 3180 955 3258 anhelos,

462 3290 520 3336 sua
536 3280 611 3337 tunc
626 3280 781 3338 tormenta
798 3275 952 3337 resudans

239 3394 280 3444 78.
299 3394 488 3459 Premiumque
501 3395 531 3446 Α.
699 3396 742 3446 82.
762 3412 861 3462 egonus
875 3397 897 3447 A
910 3397 972 3461 (non
987 3393 1091 3459 Lanu),
1123 3410 1208 3460 egeno
1222 3393 1297 3456 Prag.

170 3462 257 3519 lietb
271 3462 279 3510 i
295 3461 334 3511 lso
347 3461 418 3512 Sici.
429 3471 482 3514 tres
496 3465 570 3515 Febr.
586 3463 682 3515 Weitz.
699 3465 775 3515 Cloe.
791 3465 875 3516 Poett.
1022 3463 1065 3513 84.
1085 3467 1205 3517 animum
1218 3463 1297 3513 Lanr.

169 3548 186 3579 α
199 3546 213 3580 n
227 3531 241 3579 b
255 3530 263 3579 i
278 3546 291 3579 o
306 3547 319 3596 p
333 3546 348 3595 q
362 3548 378 3580 ιι
397 3532 455 3582 alu.
471 3533 550 3598 Lugd.
566 3535 636 3584 Sieln.
646 3541 701 3583 tres
721 3533 799 3584 Fabr.
821 3533 878 3585 Gis.
893 3532 990 3584 Weitz.
1010 3531 1087 3581 Cher.
1103 3531 1186 3581 Poett.
1201 3533 1295 3582 Amstr.

168 3599 255 3648 Heius.
270 3599 359 3649 cuam.
375 3599 441 3653 Cell.
457 3602 534 3667 obn,
555 3607 676 3653 unimam
689 3604 767 3652 Arev.
909 3603 951 3652 86.
967 3601 1098 3650 scandere
1110 3616 1196 3667 regna
1209 3599 1297 3651 T2rr.

168 3665 385 3735 [Vid·Xll‚88]·
544 3672 586 3723 88.
610 3671 753 3722 Toleraoo't
771 3686 794 3719 o.
952 3671 995 3720 90.
1027 3670 1139 3732 Cum03
1166 3670 1263 3719 mundi
1278 3667 1297 3717 Η

57 3796 63 3804 ¹
167 3750 254 3800 supra.
393 3739 436 3790 92.
460 3738 495 3792 Ut
508 3756 533 3789 o.
673 3738 715 3788 95.
736 3741 789 3789 Nec
803 3755 869 3804 opus
882 3753 906 3787 o.
1048 3737 1092 3788 96.
1104 3732 1298 3802 ΙαίεεοεηῙα

167 3821 192 3870 p.
209 3803 302 3854 Weitz.
479 3808 536 3858 100.
558 3811 664 3873 tinguet
678 3823 696 3855 α
710 3821 724 3856 a
738 3806 753 3854 l>
767 3821 780 3854 o
794 3821 823 3870 p,
855 3809 942 3870 cingit
961 3806 971 3854 l
988 3807 1014 3869 i,
1046 3805 1087 3856 iso
1101 3820 1200 3872 qnoque
1214 3821 1297 3871 praes.

165 3873 260 3936 legisse
275 3873 385 3924 videtur.
540 3875 598 3925 101.
617 3877 673 3926 Iam
693 3875 703 3924 1
720 3874 774 3925 ΑΡ
787 3874 808 3925 R
821 3872 843 3923 l*
856 3872 890 3924 W
905 3873 985 3925 Lnnr.
999 3873 1057 3923 Pnt.
1071 3874 1116 3924 alii
1132 3875 1180 3924 duo
1195 3874 1297 3924 lleiuss.

166 3958 183 3990 α
196 3957 210 3991 o
226 3943 239 3992 b
253 3943 261 3991 i
276 3957 289 3990 o
302 3959 316 4008 p
329 3959 344 4008 q
357 3959 373 3992 u
386 3944 444 3993 ald.
457 3943 539 4006 Luget.
552 3943 639 3992 Heius.
652 3943 716 3993 cell.
729 3943 806 3992 Arev.
818 3939 895 4005 obt„
914 3941 985 3993 Nom
1000 3942 1069 3993 siet.
1078 3950 1133 3993 tres
1146 3942 1227 3993 nair.
1243 3942 1296 3992 Gis.

165 4010 262 4062 Weitz.
279 4012 356 4061 Chor.
373 4010 456 4063 Poett.
471 4014 570 4062 Amstr.
722 4010 780 4060 102.
801 4014 889 4076 carpit
904 4010 947 4060 11.
1105 4012 1163 4061 104.
1184 4013 1264 4060 obeso
1278 4009 1297 4059 H

165 4081 266 4145 (snpra)
279 4079 378 4130 Weitz.
487 4082 545 4131 106.
565 4079 660 4129 anicio
673 4078 755 4143 Luget.
858 4079 917 4129 107.
932 4079 990 4144 Qua
1003 4098 1035 4147 p;
1055 4095 1127 4130 nune
1140 4079 1199 4130 Ain.
1216 4079 1296 4144 Lnga.

217 4190 275 4240 107.
294 4186 377 4242 Morbi
387 4204 443 4238 cunr
453 4189 525 4238 toste
539 4189 705 4255 comparatio,
749 4205 813 4256 pore
827 4191 882 4256 ipse
894 4207 989 4258 poenas
1005 4192 1085 4242 dabit.

163 4258 204 4323 qni
219 4272 275 4308 eum
289 4272 390 4307 carnem
405 4257 544 4320 adflixerit,
559 4258 628 4308 iusto
641 4264 706 4308 tern-
