2752 4814
534 291 610 344 ΑΗΒ.
624 291 805 345 rubbuuru
819 292 919 345 CLEM.

381 474 484 538 Pubcs
500 479 574 553 quin
590 479 684 540 ctiam
700 478 823 540 decolor
837 481 957 556 asperls

338 570 465 631 inritata
481 571 559 632 odiis
574 585 649 647 rege
665 573 722 633 sub
737 573 820 648 inplo

230 713 233 720 ,
339 663 520 728 Hebraeum
536 667 646 728 sitiens
663 667 793 729 lundene
808 669 990 744 sanguinem

338 761 430 821 audet
445 776 479 822 se
494 761 605 838 pelago
620 763 746 824 credere
762 777 916 824 concavo:

380 856 467 916 ibant
481 858 642 933 praecipit!
657 859 781 919 turbine
795 859 913 933 percita

338 950 451 1011 lluctus
466 965 522 1027 per
538 953 655 1014 medios
670 954 793 1029 agmina
810 955 907 1030 regia,

338 1044 391 1104 sei
408 1045 539 1106 conlusa
555 1045 665 1106 debinc
679 1047 761 1108 unda
777 1047 949 1109 revolvitur

337 1141 369 1201 ln
384 1144 482 1200 semet
493 1141 637 1202 revolans
653 1142 779 1218 gurgite
791 1143 923 1205 conlluo.

383 1229 504 1295 Currus
521 1237 595 1295 tunc
611 1239 753 1311 eteqnos
768 1235 891 1311 telaque
906 1237 1058 1314 naufraga

338 1330 423 1404 ipsos
440 1333 472 1390 et
486 1344 630 1405 proceres
647 1334 678 1391 et
692 1343 772 1411 vaga
788 1343 918 1404 corpora

340 1424 499 1498 nigrorum
516 1424 623 1485 videas
638 1438 713 1485 nare
730 1422 912 1501 satellitum,

338 1517 420 1578 arcis
437 1517 592 1579 iustitium
608 1518 699 1580 triste
714 1517 909 1593 tyrannicae.

382 1607 471 1690 Quae
486 1612 609 1673 tandem
624 1614 738 1688 poterit
752 1611 861 1688 lingua
875 1615 1018 1672 retexere

339 1705 447 1767 lantes
464 1700 589 1769 Christe
604 1711 696 1769 tuas?
712 1707 764 1782 pul
780 1706 928 1767 domitam
942 1703 1064 1769 Pharon

338 1800 438 1875 plagis
454 1802 644 1863 multimodis
661 1802 770 1862 cedere
790 1801 927 1877 praesuli

340 1896 426 1970 cogis
439 1896 579 1957 iustitiae
594 1896 716 1957 vindice
731 1896 871 1956 dextera.

382 1987 445 2070 Qut
457 1995 585 2066 pontum
600 1992 716 2068 rapidis
732 1991 870 2052 aestibus
889 1991 1006 2053 invium

340 2085 515 2160 persultare
529 2090 630 2161 vetas,
649 2089 684 2146 ut
698 2084 796 2146 relluo
811 2086 844 2145 ln
861 2085 927 2145 salo

340 2194 471 2242 securus
487 2183 591 2256 pateat
606 2185 637 2241 tc
653 2182 730 2242 duce
745 2181 910 2256 transitus,

339 2280 371 2337 et
385 2291 458 2337 mox
473 2278 557 2339 unda
572 2292 670 2353 rapax
686 2277 813 2338 devoret
828 2277 941 2352 inpios.

383 2364 443 2432 Cui
458 2371 563 2431 ieiuna
579 2373 673 2433 eremi
690 2385 767 2431 saxa
782 2371 963 2446 loquacibus

340 2464 500 2525 exundant
515 2466 666 2526 scatebris
681 2468 713 2525 et
727 2465 838 2547 latices
854 2479 952 2525 novos

330 2558 444 2619 tinniit
459 2559 559 2620 scissa
575 2561 666 2635 silex,
685 2573 765 2634 quae
780 2559 958 2620 sitientibus

339 2652 391 2714 ilat
405 2657 511 2729 potum
526 2655 648 2730 populls
664 2669 723 2715 axe
738 2655 795 2715 sub
810 2655 914 2731 igneo.

381 2744 486 2809 Instar
501 2749 583 2810 fellis
598 2763 679 2824 aqua
694 2748 836 2832 tristifico
851 2749 884 2810 in
899 2749 971 2808 lacu

243 2937 285 2987 16.
310 2937 396 3004 refluo
414 2935 620 3001 urnarrag.
640 2937 686 2986 2α
699 2951 714 2986 a
727 2953 741 2986 o
753 2955 769 3005 p
782 2954 813 3004 q,
840 2937 905 3002 qnod
928 2936 1008 2986 luisse
1030 2937 1135 2987 videtur
1153 2937 1178 2986 in
1198 2936 1219 2986 ll
1239 2937 1298 3000 (non

175 3006 277 3069 haum).
383 3005 424 3054 79.
440 3021 510 3055 noue
524 3021 600 3071 supra
613 3005 672 3056 add.
688 3010 717 3055 in
731 3007 801 3070 flat,
815 3011 909 3056 innorc
922 3006 954 3070 b,
973 3020 1049 3055 moro
1061 3022 1084 3056 o.
1203 3007 1243 3057 80.
1260 3011 1300 3055 iu·

174 3077 283 3125 siitium
296 3079 329 3124 ut
340 3073 398 3124 Ald.
412 3073 506 3138 Lugd.,
526 3078 664 3124 inscitiam
678 3075 775 3126 barthii
788 3077 893 3125 membr.
1016 3075 1057 3125 81.
1072 3076 1193 3140 linguam
1206 3091 1229 3125 o.

227 3142 267 3192 82.
290 3142 423 3193 domitum
442 3143 492 3192 2Α
512 3143 579 3194 BW
592 3142 665 3193 Gold.
688 3143 745 3195 ilat.
761 3146 775 3195 b
790 3145 798 3193 i
818 3142 872 3194 Gis.
888 3143 897 3194 l
917 3145 976 3204 (non
997 3143 1107 3210 Laoc.);
1138 3144 1248 3195 Foroon
1266 3142 1299 3193 W

175 3210 262 3275 Gall„
280 3212 410 3262 Pharoou
423 3210 482 3262 ilat.
497 3212 529 3276 b,
549 3212 640 3263 Foron
655 3214 674 3262 Α
688 3213 708 3263 tt
722 3213 743 3263 ll
756 3213 775 3263 P
788 3217 849 3277 (non
862 3212 966 3278 Laur.).
1117 3214 1159 3264 83.
1177 3213 1301 3279 praesidi

175 3280 251 3332 Febr.
267 3279 322 3330 Gis.
479 3281 520 3331 84.
542 3282 628 3332 iudico
642 3282 755 3332 deutero
768 3299 793 3332 o.
950 3282 993 3332 85.
1003 3289 1099 3347 potum
1114 3284 1175 3346 asic)
1194 3298 1249 3332 cum
1262 3283 1298 3347 gl.

174 3364 249 3400 more
262 3365 292 3411 a;
322 3350 426 3400 robidis
441 3350 451 3398 1
466 3350 489 3400 Α
502 3365 516 3400 a
527 3364 543 3416 p
556 3367 571 3417 q
585 3352 682 3401 Bartbli
695 3366 741 3402 ms.
882 3352 924 3402 86.
952 3352 1111 3402 Persolcore
1133 3351 1208 3414 Prag.
1231 3350 1297 3415 Gis,

174 3420 340 3470 Persolteirc
356 3420 401 3469 lo.
498 3419 538 3470 88.
561 3421 671 3471 donaret
681 3421 704 3471 Α
716 3420 735 3470 Ρ
748 3436 761 3470 o
774 3437 791 3468 u
802 3418 862 3471 nid.
878 3419 959 3484 Lugd.
976 3420 1031 3471 Gis.
1048 3421 1092 3485 (ad
1106 3423 1186 3484 orant)
1200 3420 1297 3471 Waltz.

174 3487 238 3539 Obb.
251 3525 258 3551 ,
277 3494 310 3538 ut
321 3493 398 3538 voret
410 3495 471 3538 cett.
646 3490 688 3540 89.
710 3489 763 3556 Qui
773 3505 806 3551 n;
836 3493 896 3540 vioe
909 3507 979 3541 sono
992 3491 1051 3540 illd.
1065 3489 1145 3553 Lugd.
1161 3488 1232 3540 Sieb.
1246 3498 1299 3540 tres

173 3557 227 3607 Gis.
243 3557 254 3607 1
268 3555 343 3607 Char.
354 3556 435 3608 Poett.
450 3558 560 3623 Amstr.;
581 3559 748 3609 madentibus
762 3557 816 3609 Gis.
829 3558 839 3608 l
853 3560 891 3625 (in
902 3564 985 3622 textu)
999 3559 1088 3622 nats,
1102 3559 1157 3609 sed.
1172 3560 1225 3609 vid.
1237 3559 1298 3609 Hor.

174 3625 401 3690 0d.llt,13,15;
433 3627 584 3692 liquoribus
605 3630 673 3680 coni.
689 3628 776 3678 Heius.
796 3629 829 3678 ad
848 3629 899 3680 0v.
916 3627 987 3679 Rem.
1008 3630 1092 3677 Amor.
1113 3642 1138 3677 v.
1154 3629 1200 3678 177
1222 3644 1300 3694 oppu-

173 3702 265 3814 {ibam
279 3694 343 3746 Obb.
359 3697 391 3746 ad
404 3698 428 3746 h.
444 3697 461 3747 l.
616 3697 659 3748 91.
678 3702 748 3748 sciro
766 3698 824 3749 Ald.
840 3697 920 3762 Lugd.
937 3697 1051 3760 Weiiz.3
1082 3712 1151 3761 quoe
1164 3700 1300 3762 quiescen-

186 3781 196 3813 ι
216 3781 247 3814 ua
260 3779 283 3814 o.
860 3807 862 3813 .

139 3952 144 3966 .
207 3912 249 3963 80.
263 3911 409 3980 iustitium]
428 3912 507 3977 Apul.
531 3913 592 3965 Met.
607 3911 640 3963 V.
657 3914 713 3963 lin:
757 3914 855 3964 Pharon
881 3914 989 3964 insulam
1016 3913 1189 3964 Alexandriae
1214 3916 1300 3982 proxi·

172 3981 247 4032 luctu
268 3984 377 4048 publico
402 3984 542 4048 confestim
564 3998 714 4048 congruens
757 3998 822 4032 mam
835 3982 964 4046 intelligas
977 3998 1032 4032 cum
1045 3985 1162 4049 praealta
1176 3986 1250 4047 turri,
1268 4000 1300 4034 ex

170 4050 302 4101 indicitur
320 4055 459 4102 iustitium
479 4051 508 4112 (i.
522 4067 545 4100 e.
561 4052 660 4116 qnando
673 4049 713 4100 ins
756 4066 806 4117 qua
820 4051 888 4100 iaces
909 4067 956 4116 por
977 4060 1075 4103 noctem
1089 4068 1213 4103 accensae
1228 4054 1300 4103 navi-

170 4118 712 4184 dicendumsistitur),'l¹ac.Aon.ll.82,
755 4119 873 4182 gentibus
904 4123 1004 4172 cursum
1035 4122 1188 4186 dirigebant.
1227 4120 1298 4172 Unde

168 4188 280 4240 Brisson.
296 4189 413 4239 dolorm.
433 4203 458 4254 p.
473 4188 539 4251 243,
564 4187 712 4238 Iiirchmon.
756 4189 944 4254 turrisotipsa
961 4193 1230 4258 phorosnuncupate.
1256 4191 1296 4241 Gi.

111 4255 125 4265 ”
169 4256 200 4308 de
214 4257 313 4307 innebr.
328 4274 353 4323 p.
368 4257 427 4307 415.
756 4273 786 4307 a:
799 4262 863 4323 post
875 4267 1031 4311 enumerato
1047 4261 1172 4324 beneficio
1186 4260 1222 4312 od
1241 4256 1299 4311 lorr-

222 4326 264 4376 82.
280 4326 411 4377 domitum
422 4323 545 4391 Phoron]
559 4325 710 4394 Aegyptum.
755 4328 814 4378 dem
828 4327 872 4378 dei
882 4344 911 4380 sc
923 4332 1040 4396 conseri.
