2752 4814
542 257 617 354 nun.
632 276 811 354 raunnu'ru
828 302 927 354 nunu.

389 487 462 553 Non
478 495 550 552 ante
564 490 641 552 caeli
656 491 826 567 principem
842 491 1050 568 septemplicis

347 583 478 661 Moyses
495 586 646 648 tremendi
661 587 741 648 ddus
755 588 910 662 interpres
925 586 1029 649 tirrnnl

346 683 448 757 putuit
461 683 579 758 videre,
596 696 688 758 quam
704 683 808 744 decem
824 684 1002 745 recursibus

346 783 457 854 quater
470 780 587 842 volutis
603 779 651 841 sul
666 794 837 857 peragrans
853 781 955 842 sidera

344 873 428 934 cmni
444 879 601 936 carentem
617 878 760 936 cerneret
778 875 966 936 substantia.

390 965 502 1030 Victus
517 969 656 1044 precanti
674 969 759 1030 solus
774 969 807 1029 in
824 969 959 1031 lacrimis
976 969 1051 1030 luit:

348 1079 419 1126 nam
435 1065 535 1126 ilendc
550 1079 669 1140 pernox
684 1066 854 1141 inrigatum
870 1067 1027 1142 pulverem
1051 1069 1066 1091 ⁶

347 1158 433 1219 humi
449 1158 602 1220 madentis
617 1172 671 1220 ore
686 1159 802 1234 pressit
816 1174 943 1236 cernue,

347 1251 442 1312 donec
457 1251 613 1327 loquentis
628 1266 704 1312 voce
720 1254 925 1327 praestrictus
942 1252 998 1316 Del

347 1348 474 1423 expavit
488 1348 591 1424 ignem
608 1363 668 1409 nun
685 1348 844 1410 serendum
860 1350 992 1412 visibus.

389 1437 515 1503 loannis
531 1442 623 1504 huius
639 1442 716 1504 artis
732 1443 811 1504 haud
830 1443 930 1504 minus
945 1448 1055 1520 potens

346 1533 405 1598 Dei
420 1538 565 1612 perennis
578 1539 792 1614 praecucurrit
806 1538 916 1614 lilium,

346 1646 460 1694 curvos
474 1633 597 1696 viarum
613 1634 666 1709 qul
681 1634 809 1695 retorsit
823 1634 964 1694 tramites

347 1731 378 1788 et
393 1729 533 1790 llexunsa
548 1729 716 1806 cunrigens
732 1729 894 1805 dispendia

348 1821 432 1883 dedit
447 1823 634 1899 sequendam
650 1823 729 1884 calle
743 1827 829 1887 rectu
844 1823 970 1885 lineam.

390 1912 478 1976 Hanc
493 1916 689 1992 obsequelam
706 1918 910 1993 praeparabat
924 1917 1054 1978 nuntius

347 2025 420 2073 mox
435 2011 583 2073 adiutura
599 2015 785 2073 construens
800 2014 860 2074 iter
875 2010 951 2086 Deo,

346 2103 464 2165 clivosa
479 2103 592 2180 planis,
611 2103 848 2181 confragosam
863 2104 984 2166 lenitus

346 2201 614 2274 converterentur,
632 2212 711 2260 neve
726 2198 892 2274 quidquam
909 2197 1032 2259 devium

347 2291 469 2366 inlapsa
484 2292 578 2354 terris
593 2293 750 2353 inveniret
764 2294 892 2353 veritas.

377 2383 461 2448 Non
477 2387 604 2449 usitatis
620 2391 709 2449 ortus
724 2388 774 2449 iric
791 2387 946 2448 natalibus

348 2482 444 2543 oblita
458 2482 550 2543 lactis
565 2483 626 2543 iam
642 2484 727 2544 vieto
742 2483 775 2543 in
791 2486 916 2558 pectore

278 2638 281 2650 ,
347 2578 457 2640 matris
473 2578 604 2639 tetendit
619 2592 709 2641 serus
725 2579 831 2640 inians
846 2580 958 2640 ultera:
1043 2625 1047 2632 .

346 2688 404 2734 nec
419 2677 491 2735 ante
505 2678 598 2750 partu
614 2676 651 2736 de
666 2675 758 2736 senili
774 2675 893 2738 eliusus
909 2680 968 2752 est,

346 2783 439 2844 quam
454 2769 646 2844 praedicaret
661 2770 815 2845 virginem
830 2770 952 2846 plenam
970 2767 1046 2832 Deo.

387 2861 465 2924 Post
478 2865 511 2925 in
526 2868 666 2940 patentes
682 2865 735 2926 illc
751 2866 934 2928 solitudines

346 2959 479 3021 amictus
494 2959 586 3021 hirtis
601 2959 770 3024 bestiarum
784 2960 917 3036 pellitus

250 3130 292 3180 36.
311 3131 488 3197 septimpldcic
499 3147 527 3180 α.
693 3134 736 3183 41.
753 3130 926 3198 precantisd
940 3132 958 3183 B
971 3149 987 3182 u
1000 3132 1059 3182 Ali.
1073 3132 1154 3195 Lngd.
1170 3132 1240 3184 stet.
1250 3140 1302 3184 tres

182 3197 257 3248 Fabr.
272 3195 325 3249 Gis.
340 3199 417 3250 Cher.
428 3198 523 3265 Poett.‚
542 3206 676 3266 utrumqne
689 3201 805 3266 agnoseit
819 3200 867 3269 W;
898 3201 962 3252 sniis
974 3200 994 3251 B
1006 3201 1027 3250 ii
1039 3208 1066 3252 et
1078 3215 1153 3268 snpra
1167 3201 1211 3254 W.
1315 3228 1316 3233 =

232 3268 276 3318 44.
295 3283 385 3319 uocem
406 3286 439 3331 u3
466 3273 632 3335 perstrictus
645 3271 664 3319 B
677 3269 699 3320 N
712 3270 733 3320 li
745 3269 767 3320 Τ
781 3270 858 3320 Lanr.
882 3269 960 3322 riui.
982 3269 1040 3321 illc
1062 3288 1080 3320 α
1092 3287 1109 3320 u
1128 3269 1195 3337 [Cir.
1211 3271 1243 3322 H.
1257 3271 1301 3335 vl,

183 3336 254 3404 108].
411 3339 453 3388 46.
472 3338 584 3389 Ioannes
598 3337 618 3389 it
632 3339 689 3389 Ali.
703 3338 784 3404 Lugd.
800 3340 869 3390 Sielr.
880 3347 935 3391 tres
952 3339 1030 3391 Fabr-
1046 3338 1097 3390 Gis.
1113 3338 1211 3391 Weitz.
1227 3340 1302 3392 Cher.

181 3405 263 3457 Poett.
278 3406 371 3458 Amstr.
387 3407 481 3470 Aram,
500 3407 632 3462 lodanncs
645 3425 663 3458 α
675 3424 690 3458 a
703 3409 718 3458 b
730 3410 739 3458 i
753 3424 771 3458 ⁰>
777 3425 791 3474 p
804 3423 836 3473 u,
849 3411 974 3460 Iicanncc
987 3425 1018 3475 q;
1037 3425 1091 3459 non
1102 3413 1191 3460 miscus
1204 3409 1264 3461 nat.

216 3477 259 3526 48.
279 3480 327 3543 qui
337 3482 428 3528 rector
439 3479 480 3527 cit
491 3492 515 3528 ο.
664 3478 707 3528 50.
722 3479 787 3529 colla
801 3494 825 3528 o.
853 3504 856 3510 =
965 3479 1006 3530 52.
1021 3480 1088 3529 Mem
1098 3494 1114 3528 a
1126 3480 1232 3545 futuru
1243 3479 1301 3530 lii.

181 3544 262 3607 Lugd.
413 3546 454 3597 53.
476 3547 579 3596 leuibus
590 3564 608 3597 u
620 3546 677 3597 illl.
692 3546 787 3612 bugd„
807 3549 923 3598 laevitas
936 3545 991 3598 Gis.
1163 3549 1206 3598 54.
1219 3565 1253 3599 nc
1264 3549 1305 3599 vel

180 3612 215 3664 W
229 3613 287 3664 flat.
302 3615 317 3664 l
329 3615 338 3664 i
350 3614 449 3666 Wcitz.
463 3617 523 3679 (non
537 3615 583 3679 B);
604 3619 733 3682 quiquam
746 3631 813 3666 corr.
829 3621 973 3683 quicquum
986 3630 1002 3665 a
1015 3613 1077 3681 (non
1090 3613 1171 3678 itaci.

284 3683 325 3732 57.
345 3686 462 3752 vigetnB
477 3684 510 3735 W
523 3683 597 3735 doli.
613 3685 713 3751 (supra)
727 3684 801 3748 Prng.
816 3683 876 3736 unt.
891 3685 906 3734 h
920 3686 943 3746 i;
971 3688 999 3734 in
1011 3698 1061 3734 om.
1076 3701 1106 3749 ⁰3
1127 3687 1269 3752 corporali
1283 3684 1303 3736 lt

183 3750 243 3816 (nen
257 3751 359 3819 Lana).
464 3754 506 3804 58.
526 3755 641 3804 uerbera
653 3753 774 3804 Necante
786 3755 906 3803 mendose
919 3754 975 3803 lili.
989 3752 1072 3814 Lngd.
1184 3755 1226 3804 59.
1238 3769 1303 3823 per-

182 3824 238 3870 dum
252 3835 275 3871 d.
416 3823 458 3873 60.
476 3823 636 3889 praedicare
650 3823 695 3873 la.
818 3824 860 3872 62.
874 3823 963 3888 dyrtis
976 3821 1008 3872 W
1023 3821 1098 3873 doli.
1113 3821 1211 3874 Weitz.

232 3992 275 4044 36.
289 3991 482 4060 septemplicis]
502 3991 543 4042 Ex
561 3992 720 4058 planetarum
762 3992 924 4057 maduerat),
944 3991 1145 4053 iuvenalem
1163 3994 1304 4046 Scinditur

181 4076 333 4127 eorumque,
353 4078 415 4128 qnos
433 4062 492 4111 clim
505 4061 659 4118 eredebant,
681 4075 722 4110 or·
763 4061 904 4112 auricolor
916 4062 985 4112 caeli
996 4064 1178 4130 septemplicia
1192 4066 1300 4116 aethra.

179 4128 719 4263 Russbnglfwrfloe'lffffnd'lfss'lzs'figilffi‘3:
813 4164 856 4214 40.
871 4164 1038 4234 substantia]
1057 4168 1113 4218 cido
1133 4165 1188 4232 Iso,
1216 4176 1303 4235 utputa

179 4267 263 4318 Varro
295 4268 326 4318 de
356 4265 496 4332 septenarii
524 4266 622 4317 numeri
649 4266 675 4317 vi
696 4273 722 4316 et
763 4235 1036 4299 q¹¹⁰⁰⁰¹⁸P¹¹⁸⁸¹¹b⁸t⁸t·

182 4337 304 4388 laenltnte
317 4337 343 4387 in
356 4336 442 4386 mullis
456 4342 562 4386 naturae
577 4336 653 4387 rebus
666 4336 722 4386 ani·
815 4336 859 4387 46.
873 4332 936 4388 Luc.
952 4338 976 4401 i,
992 4338 1022 4388 15
1036 4352 1090 4403 sqq.
