2752 4814
470 324 737 378 cnruuuunuicii
758 326 791 378 Χ.

402 511 472 575 Τ11
488 516 575 588 sunt,
594 516 649 573 tua
665 516 768 573 rector
784 517 928 591 utraque,

362 608 416 669 tibi
433 608 544 684 copula
559 608 704 683 iungitur
718 608 840 683 horum,

361 700 429 776 tihi,
448 701 522 762 dum
537 703 683 776 vegetata
701 700 879 776 cohaerent,

357 801 389 857 ct
405 797 535 871 spiritus
552 800 584 856 et
599 809 672 856 caro
688 795 799 857 servit.

403 885 553 949 Rescissa
570 888 624 949 sed
640 888 701 948 ista
717 901 858 949 seorsum

359 985 488 1045 solvunt
503 985 658 1046 hominem
674 984 906 1060 perimuntque,

361 1078 476 1140 humus
493 1080 609 1154 excipit
624 1079 709 1139 arida
726 1093 852 1154 corpus,

361 1174 484 1234 animae
499 1173 581 1248 rapit
596 1186 673 1234 aura
691 1173 856 1246 liquorem.

392 1257 486 1345 'Quia
502 1269 615 1326 cuncta
631 1268 737 1327 creata
754 1280 884 1326 necesse
899 1268 949 1326 est

360 1360 514 1422 labefacta
530 1376 695 1422 senescere
711 1362 848 1438 tandem,

359 1457 573 1528 conpactaque
590 1452 768 1528 dissociari,

359 1548 390 1604 et
405 1544 531 1606 dissona
547 1549 635 1606 texta
651 1546 766 1606 retexi.
889 1617 891 1623 s

402 1635 557 1722 flauam,
575 1634 662 1699 Deus
678 1637 805 1714 optime,
824 1640 955 1697 mortem

359 1733 483 1794 iamuiis
500 1734 624 1794 aholere
641 1737 769 1808 paratus

361 1832 423 1892 iter
436 1830 618 1891 inviolabile
634 1833 802 1906 monstras,

360 1939 421 2000 quo
438 1925 559 2000 perdita
574 1925 712 1986 membra
728 1925 915 2000 resurgant:
1165 1936 1198 1985 re

407 2018 461 2097 da
479 2021 551 2083 dum
566 2035 722 2097 generosa
738 2020 865 2081 caducis

133 2190 159 2239 5.
180 2196 257 2240 reeta
271 2188 341 2240 Sieh.
352 2198 406 2240 tres
420 2191 497 2242 Char.
511 2189 594 2240 Poett.
732 2195 757 2243 t.
777 2193 959 2243 cohaerentur
971 2209 994 2257 q.
1113 2193 1138 2242 8.
1155 2191 1198 2242 Sic

63 2259 143 2310 Laur.
159 2257 216 2308 rut.
232 2276 249 2308 a
263 2259 353 2310 Heius.
369 2260 435 2310 citt.
451 2261 529 2310 Aren.
545 2258 629 2323 011.,
655 2262 1015 2327 utspiritusetearoomit
1030 2278 1056 2321 1,
1076 2259 1198 2324 Spiritus

62 2328 146 2379 simul
159 2334 185 2378 et
198 2343 262 2378 aare
274 2328 389 2378 seroitB
404 2329 422 2378 P
436 2327 468 2379 W
483 2330 583 2394 (supra)
598 2344 658 2394 pq,
685 2330 805 2396 Spiritus
817 2331 901 2378 simul
911 2336 941 2380 et
952 2345 1014 2379 caro
1028 2332 1093 2379 vivit
1106 2345 1120 2379 a
1134 2330 1147 2379 1
1162 2330 1198 2379 11

63 2397 123 2446 nid.
147 2395 230 2460 Lugii.
250 2396 321 2447 Sieh.
334 2404 387 2446 tres
408 2396 484 2447 Febr.
509 2397 603 2448 Weitz.
625 2400 702 2448 Cher.
718 2399 819 2460 Paeti,
838 2399 953 2448 Animus
973 2398 1070 2459 simul,
1092 2404 1198 2449 etoaro

61 2468 129 2515 aierit
150 2465 205 2515 Gis.
227 2467 338 2528 Anasta,
364 2467 462 2515 illatus
483 2467 566 2516 simul
585 2467 652 2517 coni.
675 2467 770 2518 Cauoh.
795 2465 862 2534 [cn.
882 2465 969 2516 Sedui.
991 2466 1077 2534 hymn.
1101 2466 1121 2528 i,
1137 2467 1195 2517 110.

63 2534 166 2584 Febris.
182 2541 317 2585 comment.
333 2534 365 2584 ad
380 2543 447 2599 poet.
463 2534 553 2584 christ.
569 2551 592 2599 p.
610 2533 683 2603 125}
820 2536 939 2586 9...16.
960 2535 997 2584 ita
1011 2534 1132 2585 ordinant
1144 2534 1198 2599 Ala

62 2618 77 2652 a
90 2619 104 2668 p
118 2618 133 2667 q
147 2602 205 2653 nid.
223 2602 303 2666 Lugd.
320 2601 375 2652 Gis.
391 2605 485 2654 Amstr.
502 2602 590 2652 Heius.
606 2602 669 2654 Caii.
685 2604 764 2654 Arev.
779 2603 864 2666 011,
878 2603 1006 2654 Resoluta
1021 2602 1156 2666 (Rasoisea
1170 2611 1196 2662 1)

61 2671 109 2720 sed
121 2674 177 2721 ista
190 2687 315 2721 seersum
327 2672 456 2734 Proprias
470 2676 633 2720 revocantur
646 2676 675 2720 ia
689 2678 776 2734 ortus,
792 2673 866 2721 Petit
876 2672 978 2721 halitus
998 2687 1061 2722 aera
1072 2672 1198 2731 (aethera

51 2739 225 2803 uiseruens:
247 2741 348 2789 liumus
368 2742 473 2804 sucipit
485 2739 564 2788 arida
578 2743 652 2803 (aere
665 2755 741 2805 supra
757 2740 862 2789 lurida
875 2742 902 2804 a)
917 2752 1026 2805 corpus.
1057 2739 1103 2790 Sic
1115 2741 1198 2804 (Quia

63 2807 83 2856 11
95 2815 122 2858 et
133 2823 179 2873 pro
190 2824 246 2859 rar.
264 2809 323 2859 lect.
335 2808 374 2874 p.)
388 2814 485 2857 attacta
498 2813 592 2857 oruata
605 2823 711 2858 neeesse
723 2815 765 2857 est
777 2809 885 2859 Oditurn
898 2809 1018 2874 tolerare
1032 2824 1196 2874 supremum,

65 2875 102 2928 tlt
115 2882 218 2926 semina
239 2878 388 2927 dissociata
408 2876 469 2928 Sihi
485 2882 579 2926 sumat
597 2881 675 2940 oripo
695 2880 836 2928 resorbens
855 2877 912 2928 Put.
929 2876 1024 2941 li(mg.
1039 2878 1072 2941 11)
1086 2893 1167 2941 marg.
1183 2892 1199 2927 a

61 2961 143 3007 marg.
165 2962 224 3010 pu,
251 2954 384 3010 utramque
405 2946 540 2996 lectionem
561 2946 718 3009 coninngunt
736 2947 825 2996 Amba.
849 2946 906 2997 aar.
922 2947 958 2996 11
977 2946 1076 2999 Weitz.
1097 2946 1200 2996 levibus

61 3014 162 3064 tuendis
182 3014 287 3064 additis.
321 3013 370 3064 Sed
390 3015 532 3064 notaverim
554 3014 688 3065 lectionem
707 3016 763 3066 cod.
786 3015 794 3064 i
813 3014 908 3066 llecisa
926 3015 974 3065 sed
990 3019 1044 3065 ista
1064 3031 1197 3068 seorsum.

64 3083 194 3145 Proprias
207 3089 374 3133 reuocaretur
384 3089 411 3132 in
426 3091 503 3134 ortua
516 3079 705 3138 Petii'halr'tus
718 3086 829 3134 aethera
835 3086 963 3148 seruans.
984 3086 1086 3134 Hamus
1099 3088 1202 3150 excipit

62 3151 143 3201 arida
163 3167 262 3216 carpns
286 3151 333 3201 Sic
354 3158 451 3202 cuneta
472 3157 567 3202 ereata
585 3168 690 3202 neeesse
710 3158 753 3201 est
774 3153 882 3203 Ohitum
901 3155 1022 3203 tolerare
1042 3168 1199 3218 supremum

62 3220 152 3285 (supra
167 3235 234 3270 man.
250 3236 303 3270 sec.
319 3221 483 3284 extremum)
510 3219 546 3272 Ul
562 3224 665 3275 semina
685 3221 834 3271 dissociata
853 3223 972 3272 sibimet.
1002 3223 1102 3273 Samot
1119 3224 1198 3284 origo

62 3291 213 3339 retarderis.
235 3288 357 3339 lisseiaco
374 3289 410 3350 (in
432 3289 481 3339 iine
501 3289 662 3339 subnotatum
682 3304 750 3339 man.
770 3305 822 3339 see.
842 3291 932 3353 aluta)
950 3291 1063 3340 cadisto
1076 3304 1199 3338 seersum

62 3356 182 3408 Solunnt
195 3359 328 3407 homiaem
340 3361 530 3423 perimuntque
543 3367 624 3421 cett,
643 3357 766 3408 dascusa
780 3357 827 3407 sed
838 3362 893 3408 ista
906 3372 1043 3417 seorsum,
1069 3357 1200 3419 Proprias

62 3432 227 3477 resecantur
246 3430 273 3474 in
295 3432 389 3484 ortus,
415 3427 490 3476 Petit
505 3427 578 3476 aller
597 3428 708 3475 aethera
721 3426 846 3489 ferreres,
872 3427 975 3475 Hamus
995 3427 1101 3487 exeipit
1120 3423 1199 3473 arida

63 3510 172 3558 eorpus.
192 3493 315 3545 lisseiaco
329 3495 377 3545 sed
389 3498 444 3544 ista
457 3511 579 3545 seorsum
592 3495 708 3546 Solount
720 3495 869 3558 hominum,
882 3497 1082 3558 perimuntque,
1096 3493 1199 3542 Hamus

63 3567 169 3626 asapia
181 3563 260 3614 arida
274 3579 381 3626 carpam,
396 3565 510 3613 Animae
523 3568 600 3628 rapit
612 3579 681 3612 aura
695 3563 837 3628 liquorem.
860 3562 930 3627 Quid
939 3566 1036 3611 cuneta
1049 3568 1110 3611 cett.
1127 3561 1198 3611 stet.

63 3638 116 3681 tres
130 3631 209 3681 Fabr.
225 3631 304 3681 Chor.
321 3631 402 3682 Poett.
419 3630 489 3698 Quae
503 3631 637 3682 ordinandi
651 3630 824 3696 discrepantia
844 3645 876 3678 ex
889 3630 989 3696 duplice
1002 3630 1129 3695 primaeva
1144 3644 1200 3680 car-

63 3700 141 3749 minis
155 3700 267 3749 editione
282 3704 432 3764 prorenisse
447 3701 558 3750 videtur.
689 3699 728 3749 li.
750 3699 855 3748 eccidit
869 3713 893 3748 a.
1030 3700 1070 3748 14.
1091 3699 1199 3748 Ollium

63 3769 186 3819 tolerare
198 3784 355 3834 supremam.
370 3785 414 3833 pro
427 3768 480 3818 div.
494 3769 554 3818 lect.
569 3783 650 3830 marg.
665 3783 690 3833 a,
710 3768 858 3834 Patefacto
883 3766 953 3817 siet.
965 3774 1017 3817 tres
1029 3765 1107 3816 Febr.
1120 3767 1198 3817 Chor.

63 3834 148 3888 Poett.
257 3838 296 3887 16.
320 3837 379 3889 titi
397 3837 592 3901 imargotrium
607 3837 676 3887 Sieh.
794 3837 941 3886 1111111.
1071 3836 1112 3887 19.
1125 3852 1200 3886 mea-

63 3911 157 3956 errans
172 3909 191 3954 ii
206 3904 226 3954 E
240 3905 261 3956 0
275 3905 353 3957 Laur.
370 3905 427 3957 Pot.
442 3923 459 3956 1
472 3906 530 3956 Α11.
547 3906 627 3970 Lugd.
643 3905 713 3956 Sieh.
725 3912 779 3957 tres
793 3905 877 3968 011,
901 3904 1012 3969 quicum
1026 3904 1092 3955 deii.
1107 3905 1200 3956 minori

64 3974 271 4042 interpunctione
285 3975 350 4025 hanc
364 3976 495 4041 stropham
508 3982 612 4041 separat
624 3975 655 4024 ab
668 3975 843 4040 subsequenti,
858 3979 979 4024 ntorreira
991 3971 1021 4023 11.

118 4139 160 4189 16.
182 4137 302 4204 dissona]
316 4139 346 4188 id
358 4144 400 4189 est
412 4130 611 4189 discordantia:
655 4142 731 4189 sicut
750 4139 878 4188 humidus
897 4141 925 4189 et
935 4140 1039 4198 siccus,
1058 4135 1162 4186 salidus
1174 4140 1202 4185 et

66 4207 175 4257 dissona
196 4207 256 4257 ileo
280 4208 367 4269 dealt,
394 4212 459 4273 quia
480 4213 613 4276 quattuor
649 4206 825 4274 sri‘gidusgl.
842 4222 866 4257 a.

67 4277 210 4338 humores,
232 4278 329 4340 quihus
352 4291 449 4340 eorpus
473 4283 500 4326 et
521 4280 612 4326 anima
708 4278 751 4326 21.
777 4291 908 4341 generosa
933 4272 1055 4339 11111111]
1088 4271 1201 4338 Corpore

69 4349 202 4407 constant,
217 4347 330 4395 inuicem
343 4348 480 4394 contrarii
487 4350 552 4395 sunt
561 4346 614 4396 sihi
657 4345 775 4411 spiritns.
