2752 4814
559 277 634 332 AUR.
650 274 829 341 renuntiati
844 276 943 329 etan.

362 465 478 530 nullam
494 467 633 528 ciborum
647 466 817 528 vindicavit
830 466 977 543 gratiam,

363 561 490 622 iirmans
506 560 623 623 salubri
639 560 759 622 scillcet
774 560 890 622 ieiunio

362 669 418 716 vas
434 655 613 730 adpetendis
628 654 807 715 inbecillum
821 653 954 730 gaudiis.

405 744 541 809 Miratus
557 748 668 824 bostis,
685 761 778 822 posse
791 747 898 810 limum
914 746 1050 808 tabidum

364 845 484 904 tantum
501 842 616 904 laboris
632 843 788 904 sustinere
804 857 839 903 ac
855 841 984 919 perpeti,

364 937 506 1012 explorat
520 941 589 999 arte
604 937 783 998 sciscitator
797 935 922 1011 callida,

363 1032 480 1094 deusne
495 1033 640 1094 membris
656 1034 698 1094 sit
714 1036 857 1108 receptus
872 1032 995 1105 terreis,

364 1127 417 1187 sed
434 1128 591 1202 increpata
608 1127 718 1188 iraude
733 1131 804 1202 post
818 1131 941 1202 tergum
956 1127 1031 1188 ruit.
1122 1206 1124 1214 ,

406 1219 472 1282 Hoc
487 1235 544 1281 nos
561 1234 728 1296 sequamur
744 1221 875 1295 quisque
889 1235 972 1282 nunc
987 1234 1042 1297 pro
1058 1217 1188 1296 viribus,

364 1318 444 1393 quod
461 1318 635 1379 consecrati
651 1320 686 1378 tu
701 1319 852 1393 magister
868 1317 1021 1393 dogmatis

363 1411 426 1472 tuis
443 1409 553 1471 dedisti
570 1405 696 1471 Christe
712 1408 931 1484 sectatoribus,

363 1509 409 1582 ut,
427 1520 498 1568 eum
513 1506 642 1567 vorandi
657 1505 768 1567 vicerit
783 1505 954 1580 libidinem,

363 1602 426 1663 late
441 1600 610 1677 triumphet
624 1602 782 1676 inperator
797 1601 938 1676 spiritus.

406 1694 473 1757 lloo
489 1699 548 1772 est,
567 1696 648 1772 quod
664 1696 724 1758 atri
740 1695 819 1756 livor
833 1694 934 1755 bostis
949 1691 1077 1767 invidet,

364 1792 469 1854 mundi
484 1791 608 1868 polique
623 1792 703 1868 quod
719 1793 912 1869 gubernator
926 1791 1046 1866 probat,

361 1886 469 1948 altaris
485 1901 570 1947 aram
585 1886 666 1962 quod
682 1886 758 1947 iacit
773 1885 967 1962 placabilem,

362 1980 442 2056 quod
462 1981 643 2042 dormientis
659 1982 776 2041 excitat
791 1981 894 2041 cordis
909 1980 1011 2055 iidem,

362 2075 443 2151 quod
457 2075 546 2136 limat
560 2090 686 2152 aegram
701 2076 836 2151 pectoris
852 2076 1039 2151 rubiginem.

402 2167 536 2233 Periusa
551 2186 613 2233 non
629 2172 675 2233 sic
690 2186 782 2233 amne
796 2171 918 2233 damma
935 2170 1141 2248 extinguitur,

361 2277 418 2323 nec
434 2263 480 2324 sic
495 2265 616 2326 calente
631 2265 699 2326 sole
713 2266 879 2327 tabescunt
889 2265 994 2342 nives,

362 2362 398 2420 ut
411 2360 606 2422 turbidarum
622 2362 733 2422 scabra
748 2361 908 2436 culparum
925 2375 1016 2437 seges

361 2455 502 2515 vanescit
517 2455 597 2516 almo
612 2456 687 2517 trita
702 2457 760 2517 sub
775 2456 903 2534 ieiunio,
953 2447 958 2456 '

198 2560 248 2611 tio
362 2550 389 2611 si
407 2550 516 2612 blanda
533 2566 655 2628 semper
669 2552 839 2614 misceatur
853 2540 996 2627 largitas.
1081 2552 1084 2561 '

267 2756 323 2808 183.
338 2756 523 2809 vendicavitll
537 2759 545 2809 1
558 2774 575 2808 ιι
586 2755 684 2811 Waltz.
700 2757 761 2823 (uon
775 2757 806 2823 B)
817 2756 905 2809 Clam.
919 2757 982 2823 [Cir.
991 2756 1059 2823 viii,
1069 2755 1123 2824 13].
1197 2758 1256 2809 191.
1269 2759 1317 2811 tit-

196 2830 278 2892 raim·
291 2824 333 2876 ab
344 2840 385 2891 ap
399 2825 454 2876 Gis.
466 2827 545 2878 Arev.
652 2828 709 2878 194.
721 2827 801 2894 *Deus
815 2829 910 2894 absque
921 2843 954 2877 ae
968 2827 978 2877 i
994 2825 1024 2877 R.
1114 2827 1249 2880 196...200
1263 2829 1314 2879 des.

196 2895 221 2944 in
236 2909 259 2943 o.
350 2895 409 2944 197.
430 2901 487 2945 tam
501 2896 522 2946 A
534 2896 593 2947 illd.
608 2895 690 2959 Lngd.
791 2896 849 2946 199.
869 2900 989 2947 vicerint
999 2895 1088 2948 Heius.
1103 2910 1117 2944 e
1130 2897 1216 2947 sched.
1230 2897 1315 2949 Ambe.

195 2961 378 3022 vetustissimis
391 2966 453 3026 (non
466 2962 557 3026 Laur.)
571 2964 634 3014 Call.
740 2963 800 3014 203.
820 2966 895 3030 sccii
910 2980 934 3015 o.
1057 2964 1119 3016 295.
1133 2970 1254 3032 pectoris
1273 2982 1318 3016 ra·

196 3032 314 3096 btgiacm
326 3031 348 3080 Α
359 3029 527 3095 fragmentum
536 3033 622 3084 Ambr.
637 3031 725 3082 oCellz
738 3032 814 3097 dub,
829 3038 971 3100 poetaram
984 3034 1135 3101 rubiginem
1146 3035 1222 3100 Prag.
1231 3036 1318 3102 (supra

196 3102 320 3165 eorporis
332 3102 501 3166 contagium)
514 3117 550 3152 ere
559 3102 654 3153 nostris
666 3101 745 3153 Laur.
759 3117 802 3152 aa
815 3102 857 3164 (ad
872 3106 953 3168 oram)
966 3100 982 3151 b
995 3101 1003 3151 i
1016 3119 1030 3169 p
1043 3120 1059 3152 u
1072 3103 1133 3153 nid.
1148 3103 1232 3168 bugd.
1246 3104 1314 3154 Sielt.

195 3175 248 3217 tres
266 3166 341 3218 Febr.
357 3166 411 3220 Gis.
427 3168 524 3220 Waltz.
538 3170 613 3222 Cbor.
628 3170 711 3223 Poett.
723 3171 817 3222 Amstr.
828 3170 914 3223 Heius.
927 3172 1016 3237 Aram,
1036 3177 1157 3239 corporis
1168 3175 1318 3239 rubiginem

197 3236 236 3299 ii,
256 3241 379 3303 corporis
392 3238 528 3290 libidinem
540 3241 561 3292 Ε
574 3239 596 3292 Ν
612 3243 622 3291 1
639 3241 659 3292 0
672 3240 691 3292 Ρ
704 3238 725 3290 R
740 3241 800 3307 (mg.
815 3237 838 3288 Α
849 3239 893 3307 W)
908 3255 923 3291 a
936 3256 963 3306 q.¹
1130 3241 1189 3293 291.
1209 3241 1272 3295 Nan
1285 3260 1316 3307 o;

196 3307 313 3358 calcatae
324 3323 350 3358 a.

969 3388 985 3422 ο

248 3481 306 3532 190.
327 3479 384 3546 aas]
398 3477 518 3532 l..'l'lrces.
532 3480 559 3544 4,
572 3482 598 3531 4.
777 3508 812 3516 -
836 3485 979 3546 pactarum
1006 3481 1167 3548 rubiginem]
1195 3484 1318 3546 carparis

247 3550 305 3600 191.
326 3549 421 3600 limam
432 3549 563 3616 tabidam]
578 3550 642 3601 aliae
655 3553 735 3602 homa
777 3552 905 3613 contagia
918 3549 951 3612 gl.
969 3549 1045 3613 Prag.

195 3617 295 3681 laicas,
308 3617 392 3682 utili,
408 3618 467 3670 138.
829 3617 941 3684 2ideqq.
962 3616 1015 3668 Cir.
1036 3617 1144 3669 llermne
1162 3617 1236 3670 Post.
1255 3617 1315 3669 Sim.

245 3687 305 3737 203.
325 3688 426 3739 altaria
444 3684 534 3754 aram]
554 3703 600 3739 ara
622 3689 735 3739 sanctior
776 3684 808 3749 V,
822 3687 837 3735 3
850 3686 898 3737 Sic
910 3688 1083 3752 crgosacies.
1101 3689 1233 3752 Peractis,
1248 3704 1317 3755 qaae

194 3756 375 3820 augustiorque
403 3757 496 3808 altaris
513 3772 573 3823 pars
595 3756 733 3808 Prudentia
775 3771 861 3823 supra
880 3760 1082 3822 acceptassent,
1105 3757 1153 3807 illo
1176 3758 1240 3820 die,
1264 3773 1316 3822 qao

193 3838 250 3874 esse
262 3824 375 3874 videtur.
406 3824 460 3875 cir.
476 3825 504 3875 P.
519 3824 553 3890 X,
568 3826 611 3890 49,
629 3826 732 3878 Patron.
774 3824 915 3888 ieiunabis,
929 3823 1001 3874 niati
1009 3829 1117 3876 omnino
1128 3828 1254 3895 gustabis
1264 3828 1319 3876 πίει·

193 3891 310 3943 stratae
331 3908 450 3944 mensam
466 3900 580 3945 actorem
595 3899 731 3960 posuitia
772 3909 871 3960 paoem
900 3899 928 3943 ct
953 3908 1069 3957 aquam,
1103 3900 1130 3945 et
1157 3900 1318 3961 coarpatata

192 3960 278 4011 madio
298 3961 394 4012 altari.
421 3961 460 4012 Gl.
480 3963 729 4030 planitiamlaonis.
776 3963 1011 4027 quantitadcctbi,
1027 3968 1213 4029 pacmcatcris
1226 3965 1317 4018 dicbus

192 4028 229 4078 De
237 4028 383 4080 discrimine
392 4031 490 4081 altaris
500 4040 526 4083 et
535 4032 659 4082 araevid.
670 4033 730 4084 isia.
775 4036 944 4082 comesturus
965 4048 1042 4095 eras,
1062 4038 1199 4099 sumptam
1221 4033 1317 4084 dieta-

192 4095 264 4163 Orig.
277 4095 337 4162 XV,
352 4100 377 4162 4,
398 4099 471 4150 Serv.
487 4101 519 4151 ad
532 4100 602 4167 Virg.
617 4097 681 4152 Aen,
696 4101 730 4166 ll,
775 4101 841 4163 lias,
863 4103 1080 4168 quemfactaras
1096 4117 1171 4168 eras,
1192 4118 1314 4169 repones,

191 4167 261 4230 515,
288 4167 374 4218 Schol.
388 4169 421 4218 ad
434 4167 496 4219 Luc.
512 4169 557 4234 lli,
572 4172 632 4234 dot,
645 4186 670 4237 p.
681 4171 731 4223 226
775 4168 891 4220 addatis
904 4171 1018 4235 viduas,
1036 4171 1143 4237 papilio
1157 4178 1209 4222 aut
1220 4175 1300 4238 inopi
1307 4190 1315 4234 ,-

189 4237 230 4286 od.
251 4233 357 4287 Weber.
775 4244 804 4289 et
830 4241 871 4289 sic
900 4242 1099 4291 consummabis
1132 4241 1316 4292 bumilitatem

242 4306 303 4356 295.
323 4305 413 4372 limat]
423 4313 539 4373 purgat,
553 4308 670 4359 mandat
680 4309 729 4360 iso.
774 4311 883 4360 animae
896 4315 968 4374 tuae,
984 4315 1016 4360 at
1028 4312 1077 4377 qui
1085 4323 1119 4358 aa·
1129 4325 1159 4360 aa
1170 4314 1314 4377 acceperit,
