2752 4814
527 275 604 328 hub.
619 274 801 328 ruunuurb
816 275 919 329 unuh.

419 463 456 524 be
471 463 550 526 solio
563 461 667 527 Patris
682 465 811 526 artibcis

417 561 480 621 vim
495 560 630 635 liquidae
645 561 775 622 rationis
792 561 894 621 habet.

382 724 386 727 ,
460 654 591 719 Viscera
607 660 729 717 mortua
743 657 817 732 quin
833 656 927 717 etiem

417 756 487 828 nost
502 752 619 813 obitum
635 766 781 828 reparare
797 753 899 828 batur,

417 865 496 927 eque
510 851 577 913 suis
593 851 706 911 iterum
722 848 851 911 tumulis

418 948 522 1022 prisca
536 945 714 1006 renascitur
729 945 850 1019 clugies

415 1042 562 1116 pulvereo
579 1043 709 1101 coeunte
725 1040 800 1100 situ.

463 1128 565 1196 Credo
581 1132 734 1207 equidem,
753 1146 853 1207 neque
870 1147 949 1193 vena
967 1133 1054 1207 libes,

419 1240 549 1301 corpore
564 1226 671 1288 vivere
688 1240 771 1286 more
787 1226 926 1286 animae·

418 1334 490 1381 nam
506 1320 597 1379 modo
615 1332 797 1395 corporeum
815 1318 938 1379 memini

321 1414 326 1435 ¹
418 1415 456 1475 de
469 1384 695 1490 Phlegethonte
710 1414 809 1490 gradu
825 1413 909 1474 lacili

419 1511 456 1570 ad
473 1525 601 1586 superos
617 1525 774 1571 remeasse
789 1506 901 1571 Deum

462 1601 540 1681 Spes
556 1607 663 1667 eadem
679 1619 748 1666 mea
764 1605 900 1666 membra
917 1608 1030 1679 monet,

419 1715 498 1776 quae
513 1701 683 1762 redolentia
699 1701 828 1762 lunereo

354 1816 355 1823 ¹
419 1798 506 1859 iussa
522 1799 683 1873 quiescere
699 1799 890 1874 sarcophago

419 1893 482 1954 dux
499 1893 589 1968 parib
605 1894 763 1954 redivivus
778 1894 872 1954 humo

416 1986 508 2062 ignea
525 1981 673 2048 Christus
689 1986 725 2046 al
743 1990 828 2047 astra
842 1989 945 2047 vocat.

519 2209 562 2262 lV.
584 2208 720 2260 nimbus
736 2209 821 2259 POST
836 2208 946 2260 elbum.

419 2343 525 2408 Pastis
540 2348 714 2410 visceribus
730 2349 860 2422 ciboque
875 2350 1008 2423 sumpto,

378 2455 468 2515 quem
484 2441 537 2501 lex
552 2443 691 2517 corporis
707 2440 850 2502 inbecilla
865 2442 976 2516 poscit,

378 2534 499 2597 laudem
515 2519 623 2610 linqua
639 2532 704 2597 Deo
720 2535 800 2611 patri
816 2535 981 2611 rependat3

418 2628 519 2707 Patri,
538 2632 591 2706 qui
608 2626 766 2693 Cherubin
782 2630 878 2691 sedile
894 2643 1030 2703 sacrum,

171 2733 185 2781 5
379 2741 436 2787 nec
451 2740 512 2787 uon
530 2729 561 2786 et
577 2721 729 2802 Seraphin
744 2740 836 2787 suum
852 2738 995 2800 supremo

376 2823 530 2885 subnixus
547 2823 624 2883 solio
639 2827 725 2883 tenet
739 2823 894 2898 regitque.

421 2912 480 2976 llic
496 2918 556 2991 est,
574 2930 664 2991 quem
678 2912 812 2976 Sabaoth
828 2912 929 2975 Deum
944 2925 1104 2988 vocamus,

240 3077 298 3128 193.
318 3077 408 3143 Aeque
421 3079 457 3141 Α,
477 3079 563 3144 utque
576 3094 606 3142 ιι,
627 3079 716 3145 Deque
728 3077 804 3128 Febr.
821 3074 895 3142 Gis.;
926 3082 1032 3128 iturum
1045 3094 1076 3145 p;
1107 3058 1223 3131 οιιιιιιιῐιι
1234 3079 1290 3131 All.

169 3147 252 3210 Lngd.
376 3146 433 3197 196.
455 3148 562 3211 quidem
575 3145 632 3197 unt.
765 3146 824 3196 2114.
843 3148 940 3212 parilis
953 3146 974 3197 0
989 3146 1067 3198 Lanr.
1083 3165 1097 3214 p
1111 3166 1127 3198 u
1136 3149 1194 3198 All.
1210 3148 1291 3213 Lugd.

169 3216 315 3336 glizberg?
328 3215 413 3336 ἓξὲξ,
420 3215 520 3281 Poett.3
551 3218 629 3266 homo
643 3217 654 3266 1
666 3216 688 3267 A
700 3217 778 3267 Leuc.
799 3215 856 3265 rut.
873 3218 902 3266 li
924 3234 938 3283 p
952 3233 968 3266 u
979 3217 1036 3268 hld.
1053 3218 1136 3280 Lugd.
1157 3218 1294 3271 slohtres

236 3425 262 3473 4.
282 3424 308 3473 5.
336 3424 501 3475 Cherubim
512 3423 770 3491 .SerophiuAPut.
785 3439 914 3490 ueopu
935 3423 1012 3474 Cher.
1026 3423 1110 3474 Poett.
1125 3422 1211 3474 Heius.
1227 3422 1293 3474 Cell.

168 3492 233 3543 obb.
249 3489 367 3558 [quartus
381 3508 456 3544 casus
469 3500 517 3556 est
533 3509 580 3542 non
594 3508 652 3556 gen
667 3494 804 3544 seeundum
817 3508 960 3543 versionem
976 3487 1084 3557 Τῶνᾶ,
1107 3494 1159 3543 vid.
1176 3492 1235 3543 lsai.
1249 3491 1292 3554 Vl,

168 3560 212 3628 2],
247 3561 400 3612 Cherubin..
406 3561 560 3628 ,Seraphim
578 3560 654 3613 Febr.
669 3562 741 3628 Gis,
774 3563 937 3613 Cherubim..
942 3562 1098 3626 ¹Seraphim
1117 3562 1195 3612 inlu.
1211 3561 1291 3625 Lngd.

167 3631 238 3681 sieb.
253 3638 307 3681 tres
320 3630 415 3682 Weitz.
431 3632 526 3682 Amstr.
541 3632 620 3682 Arev.
767 3634 792 3682 7.
813 3634 933 3684 Sabaoth
947 3631 989 3681 A·
982 3647 990 3680 1
1005 3649 1017 3694 ρ
1031 3648 1047 3681 u
1061 3632 1131 3682 Sieh.
1146 3640 1200 3682 tres
1214 3631 1292 3682 Chor.

166 3699 251 3750 Poctt.
267 3702 360 3750 hmstr.
375 3701 452 3751 Arev.
468 3701 545 3765 Obb.,
559 3702 675 3752 subueht
686 3718 713 3765 α,
728 3703 878 3759 cabaioth,
894 3703 1012 3751 sabuhot
1023 3716 1113 3765 regem
1126 3717 1255 3753 arceamus
1269 3716 1293 3763 e,

167 3769 358 3821 Zebuosshhld
374 3769 466 3835 bugd„
482 3769 696 3821 ZabaothFabr.
712 3769 766 3821 Gis.
782 3770 870 3821 Heius.
887 3769 953 3819 Cell.

219 3908 307 3958 197.
292 3905 389 3974 uiuere]
399 3911 569 3958 uteturaessc
579 3906 706 3971 enallage.
750 3924 824 3974 quem
837 3908 862 3957 in
876 3905 1033 3956 catacumbis
1046 3907 1160 3957 eiusdem
1171 3906 1294 3972 temporis

220 3977 277 4027 199,
282 3975 497 4047 Phlegethonte]
523 3976 577 4026 Non
604 3976 706 4025 limbum
750 3978 832 4027 adbuc
845 3975 1026 4041 superstitibus
1039 3976 1127 4027 videre
1141 3976 1212 4026 licet
1239 3973 1292 4025 Non

166 4052 274 4114 patrum,
290 4046 420 4097 utCham.
439 4047 567 4126 opinatur:
589 4045 634 4094 sed
654 4052 708 4093 tar·
748 4046 830 4108 igilur
850 4046 973 4094 ercisvel
990 4045 1064 4096 cisiis
1081 4044 1293 4112 corporecunbe·

81 4147 87 4159 ι
165 4124 247 4167 turum
266 4115 421 4179 significari,
449 4115 514 4164 satis
533 4115 709 4165 demonstrant
749 4115 820 4178 bant,
835 4112 1294 4165 sedcavisvlvosunovelsolidiori

165 4186 196 4235 ll.
209 4186 268 4246 827,
284 4186 310 4234 S.
326 4184 346 4246 l,
362 4185 420 4246 381,
440 4181 561 4233 Middeld.
578 4184 669 4250 pffllsl
749 4183 949 4234 terracincisls
969 4183 1040 4250 Quae
1054 4185 1155 4250 quidem
1169 4198 1249 4249 aeque
1263 4196 1293 4232 uc

217 4254 277 4304 203.
297 4249 479 4320 sarcophago]
504 4252 706 4302 Christianorum
749 4252 810 4303 illac
823 4254 972 4320 sarcophagi
992 4254 1170 4316 nominentur,
1185 4266 1293 4319 corpora

165 4323 305 4388 sepeliendi
324 4337 377 4372 mos
394 4321 479 4372 seculo
497 4323 585 4386 quinto
605 4322 680 4372 erat
673 4337 705 4385 rs,
748 4322 842 4390 quippe
854 4323 1018 4375 devorantes.
