2752 4814
162 279 202 340 26
523 276 598 330 AUR.
612 275 793 329 PRUDENTH
807 277 911 331 ctum.

159 484 192 533 ss
407 472 475 537 Nec
491 474 564 535 uelit
578 478 681 535 tamen
697 474 799 535 anxiis
814 474 950 553 metela3

368 581 439 627 nem
456 567 624 642 languente
638 567 738 628 trucis
753 567 852 629 leonis
867 567 914 628 ira

367 661 505 737 inlapsae
521 663 803 738 superingeruntur
817 676 919 724 escae.

408 755 495 838 Quas
508 759 535 819 si
551 760 621 833 quis
637 759 780 820 sitienter
794 757 963 819 laurientln

366 867 428 914 non
443 857 540 929 gustu
555 854 662 930 tenui,
680 854 734 914 sel
750 866 804 913 ore
818 852 909 927 pleno

365 948 498 1011 internis
513 949 589 1010 velit
603 949 753 1025 inplicare
767 950 867 1025 venis,

409 1041 469 1104 llic
484 1047 592 1105 sancto
608 1044 740 1105 satiatus
757 1058 797 1104 ex
812 1044 959 1119 propheta

365 1139 520 1204 iustorum
536 1140 636 1214 capiet
651 1141 735 1201 cilios
751 1140 903 1217 virorum,

367 1235 420 1309 qui
435 1234 572 1296 lructum
587 1232 720 1296 Domino
737 1238 858 1295 metunt
871 1234 1010 1310 perenni.

408 1327 464 1393 Nil
476 1334 525 1390 est
539 1330 662 1392 dulcius
677 1345 713 1391 ac
728 1330 829 1405 magis
845 1344 1002 1405 saporum,

369 1426 413 1488 nil
429 1427 509 1501 quot
525 1426 596 1501 plus
611 1426 766 1487 hominem
780 1426 891 1487 iuvare
905 1426 1016 1500 possit,
1086 1440 1087 1454 ¹

367 1534 460 1596 quam
476 1523 557 1582 vatis
573 1523 623 1598 pla
638 1521 847 1598 praecinentis
864 1535 947 1582 orsa.

409 1614 468 1677 llis
484 1618 616 1693 sumptis
630 1618 704 1680 licet
718 1616 857 1678 insolens
872 1619 1010 1692 potestas

365 1726 495 1787 pravum
511 1714 628 1776 iutlicet
642 1716 827 1791 inrogetque
846 1717 988 1788 mortem,

364 1805 480 1881 inpasti
495 1807 568 1868 licet
582 1808 710 1869 inruant
724 1807 841 1868 leones.

407 1896 476 1962 Nos
492 1913 614 1975 semper
625 1897 792 1961 Dominum
808 1903 926 1975 patrem
944 1899 1077 1959 latentes

364 1995 397 2055 in
412 1998 454 2070 te,
474 1991 601 2058 Christe
617 1993 714 2070 Deus,
731 1995 895 2070 loquemur
911 2008 1007 2056 unum

366 2095 608 2167 constanterque
623 2096 707 2153 tuam
725 2105 854 2152 crucem.
866 2091 1017 2151 feremus.

390 2278 422 2328 V.
455 2277 591 2330 ultimus
609 2279 652 2330 AD
671 2277 844 2331 INCENSUM
861 2275 1049 2328 Lucentiam.

366 2411 516 2477 Inventor
530 2415 638 2491 rutili,
657 2415 721 2476 dux
737 2415 834 2490 tone,
852 2413 991 2490 luminis,

324 2511 376 2585 qui
392 2510 487 2571 certis
504 2511 623 2572 vicibus
639 2511 777 2585 tempora
793 2509 918 2585 dividis,

228 2666 269 2714 85.
292 2665 363 2716 desit
380 2682 440 2726 ou;
472 2667 516 2717 sed
537 2666 646 2729 defit:
663 2665 763 2729 deficit,
790 2665 876 2729 deest,
903 2665 952 2715 cir.
967 2665 994 2715 P.
1009 2663 1067 2726 llll,
1081 2665 1123 2715 66.
1154 2665 1286 2716 Burman

157 2734 261 2785 Antlol.
277 2734 322 2785 iat.
339 2733 358 2796 l,
372 2751 396 2801 p.
411 2736 471 2794 489.
623 2737 665 2786 86.
686 2737 772 2784 trucis
785 2734 862 2785 Leuc.
878 2735 887 2784 i
901 2751 914 2783 o
928 2751 945 2783 u
956 2733 1017 2783 All.
1038 2732 1120 2796 Lugii.
1142 2733 1213 2786 Stel.
1234 2743 1287 2785 tres

158 2803 234 2854 Febr.
250 2801 305 2864 Gis.
320 2802 418 2854 Waltz.
433 2804 509 2855 Cher.
524 2804 605 2856 Poett.
622 2805 717 2854 Amstr.
733 2805 809 2853 Arev.
834 2802 901 2870 [Cir.
916 2802 978 2853 Hor.
998 2800 1044 2852 Od.
1061 2802 1081 2866 l,
1095 2803 1138 2867 22,
1153 2803 1168 2852 2
1182 2805 1287 2855 Mauris

157 2872 264 2936 iaculis]
277 2910 284 2934 ‚
299 2872 405 2922 truci'l'
421 2874 476 2924 eut.
491 2873 666 2939 aeplicius.
682 2870 746 2923 Geli.
762 2872 826 2922 ott.
1001 2871 1045 2921 89.
1063 2871 1135 2923 Nam
1149 2887 1172 2922 o.

192 2941 235 2992 91.
250 2942 319 2990 Hinc
331 2939 380 2990 luit
390 2941 416 2990 in
429 2939 487 2992 ilat
502 2943 522 2993 i.
672 2941 715 2990 95.
736 2943 871 2992 nominum
884 2940 966 3004 tngo.
1121 2941 1178 2991 101.
1200 2943 1287 2992 Deum

159 3009 302 3075 loquemur
314 3009 382 3059 coni.
393 3011 471 3060 Aren.

226 3143 257 3195 V.
277 3145 398 3212 Hymnus
410 3145 447 3195 od
459 3149 596 3196 incensum
610 3147 735 3198 lucernae
748 3164 765 3195 α
779 3147 787 3195 i
801 3161 856 3196 cnm
873 3145 1002 3211 plerisque
1015 3145 1092 3208 edd„
1117 3146 1240 3212 Hymnus
1253 3147 1289 3197 ad

157 3217 293 3264 incensum
306 3229 337 3277 a,
352 3214 405 3264 des.
420 3215 552 3281 inscriptio
565 3217 591 3265 in
604 3232 635 3280 p,
655 3217 776 3284 Hymnus
786 3215 823 3265 ud
835 3217 1015 3264 incoeptionem
1029 3215 1154 3265 lucernae
1164 3214 1244 3266 Laur.
1261 3234 1286 3278 u,

158 3282 212 3334 ode
228 3283 265 3333 ad
284 3287 469 3334 accensionem
487 3285 611 3335 lucernae
629 3285 688 3336 Ait.
709 3285 788 3349 Lugii.
799 3322 807 3346 ,
839 3283 883 3333 Aa
904 3288 1040 3334 incensum
1061 3287 1132 3333 cerei
1149 3286 1288 3348 paschalis

156 3351 234 3402 Febr.
250 3350 322 3415 Gis,
342 3352 462 3419 Hymnus
475 3353 507 3403 dc
520 3369 587 3404 nouo
600 3355 700 3404 lumine
710 3353 849 3420 paschalis
861 3354 970 3403 subbati
980 3352 1058 3403 Areu.
1166 3355 1192 3403 4.
1208 3354 1246 3404 ita
1260 3370 1287 3404 v.

156 3422 240 3470 lexin.
253 3419 311 3471 flat.
327 3439 344 3470 α
357 3437 372 3472 a
384 3422 394 3471 i
407 3437 420 3471 o
433 3439 449 3472 u
462 3438 518 3473 curn
531 3423 611 3488 requ.
624 3423 683 3473 nli.
699 3423 778 3486 Lugii.
794 3420 890 3472 Weitz.
908 3421 994 3471 Heius.
1011 3420 1076 3470 eall.
1092 3420 1169 3483 0bb.,
1183 3422 1288 3474 Lumen

156 3489 239 3539 redde
252 3495 306 3540 tuis
324 3492 448 3557 primm,
480 3492 579 3542 Lucem
600 3493 710 3543 Christe
723 3495 780 3542 tuis
797 3490 1043 3553 reddefidelz‘ousss
1057 3489 1133 3540 Febr.
1148 3489 1219 3542 Stel.
1234 3500 1287 3542 tres

157 3558 213 3610 Gis.
228 3559 254 3608 in
266 3567 340 3609 textu
359 3559 473 3621 (Lumen
486 3562 567 3612 redde
581 3565 633 3612 tuis
649 3563 755 3613 Christe
768 3561 799 3611 ad
813 3562 895 3624 oram)
916 3559 991 3609 Cher.
1007 3559 1088 3609 Poetl.
1104 3560 1199 3611 Amstc.
1217 3560 1287 3629 [Cir.

157 3626 219 3678 Hor.
235 3628 282 3679 Od.
299 3627 343 3693 iV,
358 3631 384 3693 5,
401 3631 424 3681 1.
439 3631 473 3681 il.
488 3629 671 3698 Peerlkamp.].

157 3765 274 3831 iniquis“
297 3766 323 3816 id
341 3768 422 3832 magis
441 3769 533 3833 probat
552 3770 629 3818 llrev.
661 3766 699 3816 Ad
795 3765 827 3815 V.
850 3763 909 3829 „De
923 3764 1039 3828 inscript.
1054 3763 1107 3813 vid.
1122 3764 1185 3814 Ver.
1200 3764 1287 3824 Lect.‚

155 3842 284 3902 martyras
308 3836 371 3886 haec
392 3838 471 3887 verba
493 3837 592 3887 reierre
613 3835 702 3884 mallet
744 3834 787 3883 sed
802 3848 906 3883 careum
915 3832 1230 3898 paschalempostPrud.
1245 3851 1289 3884 ce-

156 3903 239 3966 0bb.,
260 3921 368 3970 quorum
387 3906 450 3956 lites
470 3921 561 3957 caussa
575 3904 699 3953 mulorum
743 3902 868 3951 lebralum
881 3917 937 3950 esse
948 3907 1058 3964 constat,
1072 3902 1125 3951 vid.
1138 3901 1245 3968 Hospin.
1257 3904 1288 3953 de

156 3989 255 4039 semper
270 3973 370 4024 inisset.
399 3974 524 4040 Equidem
544 3972 700 4040 praeceden-
743 3970 809 4030 orig.
824 3969 885 4019 iest.
898 3967 942 4030 IV,
953 3968 994 4017 12.
1015 3968 1092 4020 Conc.
1107 3969 1193 4021 Tolet.
1206 3971 1285 4035 tlte.

155 4043 218 4092 lium
242 4043 460 4093 continuationem
490 4041 592 4092 invenio
617 4041 698 4103 deque
742 4036 1286 4103 (Drepaniilor.hymn.extatap.1⁴'abrio.

154 4105 255 4162 actibus
266 4113 381 4162 tristifici
401 4111 505 4178 tyranni
524 4113 619 4160 hancce
640 4123 699 4173 apo·
743 4106 759 4154 Ι.
772 4106 789 4153 l.
805 4121 829 4169 p.
839 4105 897 4165 729,
914 4103 974 4154 bibl.
991 4106 1018 4156 P.
1028 4105 1056 4159 P,
1068 4123 1137 4158 max.
1149 4108 1190 4158 ed.
1201 4108 1286 4172 Lugd.

154 4183 274 4247 stropha]
289 4180 397 4245 accipio,
745 4174 818 4223 1677.
833 4171 901 4223 Vlll.
915 4190 939 4239 p.
950 4174 1032 4238 669.).
1056 4177 1140 4240 Quare
1153 4177 1211 4240 Ar„
1227 4179 1288 4242 qnia

206 4253 249 4301 el.
281 4250 404 4313 inlapsae
440 4240 696 4312 superingeruntur]
741 4242 857 4291 miine.
875 4243 1286 4297 ril.commemoraturetv.155

154 4319 254 4383 „Cibus
260 4317 382 4368 caelestis
389 4315 513 4366 exdivino
521 4314 620 4365 verbo“
631 4312 695 4362 eall.
741 4311 886 4361 benedictio
899 4313 1022 4377 quaedam
1036 4329 1093 4364 esse
1105 4313 1224 4378 videtur,
1239 4317 1287 4366 hoc
