2752 4814
535 276 612 329 nde.
627 275 779 328 ludendo
793 275 896 328 ctum.

373 521 376 530 ,
426 465 495 526 laus
511 460 616 542 superi
631 462 737 526 Patris
753 467 821 525 esto
837 463 923 527 milri.

467 559 535 623 Nos
550 561 649 638 igitur
664 565 718 622 tna
734 564 841 622 sancte
856 574 968 621 manus

424 655 561 729 caespite
577 655 742 729 conposuit
757 654 879 715 madido

425 748 561 823 elligiem
577 749 725 809 meditata
741 762 841 823 suam,

424 846 520 917 utone
536 843 618 903 loret
633 847 702 903 rata
717 842 876 918 materies

422 939 509 1000 davit
525 942 556 998 et
570 939 683 998 indidit
698 952 752 998 ore
767 938 914 999 animam.

466 1031 556 1095 Tunc
571 1047 627 1108 per
643 1046 772 1093 amoena
785 1033 887 1093 vireta
901 1032 988 1093 iubet

381 1160 390 1186 l
425 1127 625 1188 frondicomis
639 1126 780 1187 hahitare
795 1127 885 1203 locis,

423 1236 480 1282 ver
494 1222 546 1283 ubi
563 1226 745 1297 perpetuum
761 1222 880 1282 redolet

425 1322 575 1393 prataque
590 1318 786 1379 multicolora
802 1318 888 1378 latex

425 1413 597 1488 quadriduo
614 1414 697 1474 celer
715 1428 806 1475 amne
822 1413 915 1488 rigat.

469 1505 555 1569 Haec
570 1510 626 1571 tibi
642 1524 725 1571 nnnc
741 1507 945 1582 famulentur,
963 1506 1018 1582 ait,

429 1604 537 1665 usibus
553 1603 657 1665 omnia
673 1605 749 1665 dedo
765 1604 849 1665 tuis:

426 1699 478 1759 sed
494 1703 599 1760 tamen
615 1714 726 1775 aspera
741 1698 902 1760 mortifero

427 1797 532 1871 stipite
548 1812 675 1873 carpere
693 1813 784 1873 poma
799 1800 884 1872 veto,

426 1892 479 1965 poi
496 1891 597 1951 medio
613 1892 694 1953 viret
709 1893 741 1952 in
758 1905 895 1952 nemore.

471 1982 530 2045 llic
546 1985 639 2046 draco
654 1985 791 2061 pertidus
806 1985 941 2045 indocile
1008 2036 1010 2038 ,

427 2081 561 2156 virginis
576 2081 678 2142 inlicit
693 2080 866 2156 ingenium,

427 2180 464 2238 ot
479 2177 599 2237 socium
614 2177 793 2239 malesuada
808 2177 911 2236 virum

430 2272 575 2333 mandere
591 2275 719 2347 cogeret
734 2285 773 2330 en
787 2271 896 2331 vetitis

427 2367 493 2443 ipsa
510 2367 578 2442 pari
593 2367 732 2443 peritura
748 2366 850 2427 modo.

472 2458 613 2538 Corpora
629 2466 736 2523 mutua
752 2498 793 2509 -
809 2476 903 2523 nosse
919 2460 1007 2520 neias
1025 2496 1063 2506 -

426 2560 497 2632 post
512 2557 619 2632 epulas
635 2556 778 2631 inoperta
792 2556 910 2632 vident,

429 2651 569 2714 lubricus
585 2666 674 2714 error
689 2656 720 2713 et
739 2653 882 2716 eruhuit:

429 2750 568 2824 tegmina
584 2753 655 2811 suta
670 2754 781 2824 parant
797 2750 891 2826 loliis,

181 2853 229 2903 roo
429 2842 561 2905 dedecus
578 2848 613 2906 ut
627 2844 727 2918 pudor
742 2845 910 2906 occuleret.

471 2932 607 3000 Conscia
621 2937 712 3012 culpa
725 2936 824 2999 Deum
841 2938 985 3014 pavitans

301 3054 318 3089 t
1154 3049 1156 3056 .

249 3109 290 3158 95.
310 3109 428 3158 mioiio.
540 3110 582 3161 96.
602 3105 1302 3174 sonctoiAOLaur.Pui.T2rr.caliporild.

179 3175 261 3239 Lugd.
276 3175 332 3228 Gis.
352 3177 441 3228 Helos.
461 3176 526 3229 dell.
542 3181 618 3229 Arcv.
633 3178 715 3244 0bb.‚
745 3185 841 3230 saccio
855 3178 897 3229 2A
910 3177 969 3227 iio
989 3176 1063 3240 Prag.
1086 3176 1144 3228 Rei.
1168 3179 1238 3230 Sielr.
1253 3187 1307 3230 ires

180 3245 278 3296 Weitz.
294 3244 350 3297 Gis.
365 3245 375 3295 l
393 3246 470 3296 Cdor.
484 3247 568 3298 Poett.
584 3250 676 3298 Amstr.
784 3248 843 3299 100.
866 3247 916 3297 Oro
929 3249 1047 3296 animam
1060 3246 1136 3298 dedii
1147 3265 1182 3298 cnr
1190 3253 1306 3314 proprio

180 3315 236 3365 Put.
251 3332 265 3364 o
279 3318 339 3378 (noo
352 3315 444 3377 Laur.)
457 3323 483 3366 et
495 3333 540 3383 pro
554 3317 606 3367 div·
619 3319 709 3384 script.
724 3333 754 3368 a:
767 3318 842 3367 vario
855 3315 932 3366 lectio
945 3331 978 3365 ex
990 3316 1090 3379 gemina
1102 3332 1205 3384 operum
1219 3334 1307 3369 recen·

180 3385 251 3435 sione
265 3392 321 3435 orto
333 3384 445 3435 videtur.
568 3387 626 3437 101.
650 3387 724 3438 Tunc
735 3402 791 3437 cum
805 3388 839 3451 gl.
846 3388 976 3451 formato
989 3386 1094 3435 homine
1107 3401 1132 3449 a,
1146 3388 1213 3438 unde
1225 3388 1304 3438 Aren.

180 3455 361 3522 corrigendusp
380 3458 485 3505 virecta
496 3456 518 3506 A
531 3454 568 3504 la
580 3455 589 3504 i
603 3471 616 3504 o
630 3473 644 3522 p
657 3473 689 3521 u,
709 3457 814 3507 directa
830 3458 839 3505 1
851 3471 875 3506 a.
1018 3455 1076 3504 107.
1100 3453 1196 3506 Usibus
1209 3456 1310 3522 suprad

181 3522 291 3574 Visibus
304 3539 329 3573 a.
394 3580 395 3583 Ἴ
448 3524 505 3573 110.
522 3525 653 3589 paradisi
664 3530 692 3576 io
706 3542 812 3579 memoro
826 3541 857 3576 o:
878 3525 964 3589 glossa
979 3525 1060 3574 textui
1074 3523 1185 3575 invecto.

183 3591 436 3656 112.ollicit1’rag.
526 3593 584 3645 116.
601 3611 720 3660 possea.
825 3595 883 3646 117.
903 3591 1299 3658 praeconceptionis·

184 3661 241 3712 121.
264 3662 394 3712 Consciae
405 3660 486 3725 Lugd.
500 3663 604 3714 vitiose.

236 3833 294 3883 100.
310 3830 373 3885 Gen.
388 3834 414 3897 2,
428 3835 522 3885 9-19.
764 3834 848 3886 stricti
874 3840 958 3882 erant.
992 3830 1056 3883 Nom
1080 3840 1243 3899 praeceptum
1267 3832 1308 3884 Nc

233 3903 291 3954 111.
304 3901 432 3971 indocile]
448 3903 592 3968 „Nebrissa
604 3903 728 3954 indocile.
757 3902 888 3954 ‘comedas
898 3902 1000 3967 ponitur
1010 3902 1034 3950 in
1045 3903 1169 3966 singulari
1183 3918 1227 3968 per
1237 3904 1310 3953 enal-

181 3972 273 4039 accipit
293 3981 337 4022 out
356 3989 401 4038 pro
419 3976 521 4023 indocto
542 3981 568 4023 et
581 3974 652 4034 rudi,
679 3979 724 4022 out
764 3973 837 4035 lagen
852 3969 1124 4036 prenominamus,
1145 3973 1182 4022 uti
1200 3971 1309 4036 Septua-

180 4057 226 4107 pro
237 4041 342 4092 indocili
357 4043 479 4092 bonarum
493 4043 602 4105 artium,
617 4056 682 4107 quae
696 4044 721 4089 in
764 4044 836 4106 ginta
853 4041 956 4090 babent.
975 4038 1097 4090 Nonnulli
1109 4040 1216 4100 docent,
1228 4040 1309 4091 Evam

181 4112 276 4163 lomina
294 4127 342 4160 ooo
363 4113 528 4176 reperiuntur
546 4119 612 4161 teste
626 4109 724 4160 Aristo·
764 4117 823 4160 ante
837 4111 884 4159 hoc
897 4117 1060 4175 praeceptum
1075 4110 1156 4161 luisse
1169 4111 1308 4169 conditam,

180 4181 242 4232 telo.
272 4179 326 4244 ligo
341 4180 458 4242 intelligo
472 4179 543 4230 Evae
561 4180 670 4229 indocile
684 4179 722 4227 io·
764 4182 879 4244 quamvls
893 4178 948 4229 eius
967 4179 1086 4230 formatio
1103 4187 1193 4246 postea
1210 4179 1310 4231 relere-

180 4251 281 4312 genium
306 4249 348 4300 dei
372 4255 507 4314 praecepio
532 4265 580 4298 non
603 4247 722 4299 vescendi
766 4249 845 4300 tur.“
860 4249 940 4298 Areo.

180 4333 252 4383 pomo
271 4319 366 4381 vetito,
392 4332 440 4382 quo
460 4317 540 4367 Adam
561 4326 587 4369 et
605 4317 661 4368 Eva
680 4317 723 4366 ob·
820 4318 878 4370 113.
892 4314 1062 4384 malesuada]
1076 4316 1134 4369 vid.
1147 4323 1177 4370 θ.
1193 4318 1272 4383 2sqq.
